@InProceedings{Boneh2001,
  author    = {Dan Boneh and Ben Lynn and Hovav Shacham},
  booktitle = {Advances in Cryptology - {ASIACRYPT} 2001, 7th International Conference on the Theory and Application of Cryptology and Information Security, Gold Coast, Australia, December 9-13, 2001, Proceedings},
  title     = {Short Signatures from the Weil Pairing},
  year      = {2001},
  editor    = {Colin Boyd},
  pages     = {514--532},
  publisher = {Springer},
  series    = {Lecture Notes in Computer Science},
  volume    = {2248},
  bibsource = {dblp computer science bibliography, https://dblp.org},
  biburl    = {https://dblp.org/rec/conf/asiacrypt/BonehLS01.bib},
  doi       = {10.1007/3-540-45682-1\_30},
  url       = {https://doi.org/10.1007/3-540-45682-1_30},
}

@Book{Cryptobook,
  author = {Dan Boneh and Victor Shoup},
  title  = {A Graduate Course in Applied Cryptography},
  year   = {2023},
  note   = {draft of a book, version 0.6},
  url    = {https://toc.cryptobook.us/},
}

@Misc{WinterSchool,
  howpublished = {YouTube playlist},
  title        = {Third Bar Ilan University Winter School on Cryptography:},
  year         = {2013},
  url          = {https://youtube.com/playlist?list=PL8Vt-7cSFnw2V2Wpf4MpwtSJvLvZo1ADB&si=0ZpmJc8n8ZJ56i2b},
}

@Article{Boneh2003,
  author    = {Dan Boneh and Matthew K. Franklin},
  journal   = {{SIAM} J. Comput.},
  title     = {Identity-Based Encryption from the Weil Pairing},
  year      = {2003},
  number    = {3},
  pages     = {586--615},
  volume    = {32},
  bibsource = {dblp computer science bibliography, https://dblp.org},
  biburl    = {https://dblp.org/rec/journals/siamcomp/BonehF03.bib},
  doi       = {10.1137/S0097539701398521},
}

@misc{tdh,
      author = {Sattam S.  Al-Riyami and Kenneth G.  Paterson},
      title = {Tripartite Authenticated Key Agreement Protocols from Pairings},
      howpublished = {Cryptology {ePrint} Archive, Paper 2002/035},
      year = {2002},
      url = {https://eprint.iacr.org/2002/035}
}

@Misc{ZK,
  author = {Stefan Dziembowski},
  note   = {Slides available at \url{https://github.com/marmistrz/cryptography-2024L/tree/master/Material/March10}},
  title  = {Interactive Proofs and Zero Knowledge},
  year   = {2022},
}

@Misc{ZKlearning,
  author = {Yupeng Zhang and Dan Boneh and Shafi Goldwasser and Dawn Song and Justin Thaler and Yupeng Zhang},
  note   = {\url{https://rdi.berkeley.edu/zk-learning/}},
  year   = {2023},
}

@misc{LindellMPC,
      author = {Yehuda Lindell},
      title = {Secure Multiparty Computation ({MPC})},
      howpublished = {Cryptology {ePrint} Archive, Paper 2020/300},
      year = {2020},
      doi = {10.1145/3387108},
      url = {https://eprint.iacr.org/2020/300}
}


@Comment{jabref-meta: databaseType:bibtex;}
